
@article( Aho79Optimal, 
  author =	"A.V. Aho
		and J.D. Ullman", 
  title =	"
Optimal Partial Match Retrieval When Fields Are Independently Specified", 
  year =	1979, 
  month =	jun, 
  journal =	"ACM TODS", 
  volume =	4, 
  number =	2, 
  pages =	"168-179", 
  keywords =	"seckey mah" )

