@inproceedings(Sen2006,
  author = {Sen, S. and Lam, S. K. and Rashid, A. Mamunur and Cosley, D. and Frankowski, D. and Osterhouse, J. and Harper, F. Maxwell and Riedl, J.},
  address = {New York, NY, USA},
  booktitle = {CSCW '06: Proceedings of the 2006 20th anniversary conference on Computer supported cooperative work},
  interhash = {96b20bffcbc91e528461529935524b90},
  intrahash = {e66c4381674cc0d9691c455254da0225},
  pages = {181--190},
  publisher = {ACM},
  title = {tagging, communities, vocabulary, evolution},
  url = {http://portal.acm.org/citation.cfm?id=1180904},
  year = 2006,
  timestamp = {2009-06-03T10:41:09.000+0200},
  keywords = {MUSTREAD motivation tagging},
  added-at = {2009-06-03T10:41:09.000+0200},
  location = {Banff, Alberta, Canada},
  description = {tagging, communities, vocabulary, evolution},
  isbn = {1-59593-249-6},
  biburl = {http://www.bibsonomy.org/bibtex/2e66c4381674cc0d9691c455254da0225/mstrohm},
  doi = {http://doi.acm.org/10.1145/1180875.1180904},
)

@misc(DataDump, 
  author =	"StackOverflow data dump wiki",
  title =	"http://blog.stackoverflow.com/category/cc-wiki-dump/",
)
